% ------------------------------------------------------------------------
% ------------------------------------------------------------------------
%
% References
% Dissertation
% Francisco Alves
%
% ------------------------------------------------------------------------
% ------------------------------------------------------------------------

% fiscal federalism

@incollection{ter1997,
  author       = {Ter-Minassian, Teresa and Craig, Jon}, 
  title        = {Control of Subnational Government Borrowing},
  booktitle    = {Fiscal federalism in theory and practice},
  year         = {1997},
  editor       = {Ter-Minassian, Teresa},
  publisher    = {International Monetary Fund},
  address      = {Washington}
}

% fiscal sustainability

@article{eaton1981,
  title={Debt with potential repudiation: Theoretical and empirical analysis},
  author={Eaton, Jonathan and Gersovitz, Mark},
  journal={The Review of Economic Studies},
  volume={48},
  number={2},
  pages={289--309},
  year={1981},
  publisher={JSTOR}
}

@incollection{burnside2005,
  author       = {Burnside, Craig}, 
  title        = {Theoretical Prerequisites for Fiscal Sustainability Analysis},
  booktitle    = {Fiscal sustainability in theory and practice: a handbook},
  year         = {2005},
  editor       = {Burnside, Craig},
  publisher    = {World Bank},
  address      = {Washington},
  url = {https://openknowledge.worldbank.org/handle/10986/7495}
}

@incollection{chuhan2005,
  author       = {Punam Chuhan}, 
  title        = {Debt and Debt Indicators in the Measurement of Vulnerability},
  booktitle    = {Fiscal sustainability in theory and practice: a handbook},
  year         = {2005},
  editor       = {Burnside, Craig},
  publisher    = {World Bank},
  address      = {Washington},
  url = {https://openknowledge.worldbank.org/handle/10986/7495}
}

@article{ianchovichina2007,
  title={Subnational Fiscal Sustainability Analysis: What Can We Learn from Tamil Nadu?},
  author={Ianchovichina, Elena and Liu, Lili and Nagarajan, Mohan},
  journal={Economic and Political Weekly},
  pages={111--119},
  year={2007},
  publisher={JSTOR}
}

@incollection{manoel2013,
  author       = {Manoel, Alvaro and Garson, Sol and Mora, Monica}, 
  title        = {Brazil: The Subnational Debt Restructuring of the 1990s - Origins, Conditions, and Results},
  booktitle    = {Until Debt Do Us Part: Subnational Debt, Insolvency, and Markets},
  year         = {2013},
  editor       = {Canuto, Otaviano and Liu, Lili},
  publisher    = {World Bank},
  address      = {Washington}
}

% fiscal frameworks

@techreport{ahmad2005,
  title = {Subnational Public Financial Management: Institutions and Macroeconomic Considerations},
  author = {Ahmad, Ehtisham and Albino-War, Maria and Singh, Raju},
  month = {June},
  year = {2005},
  type = {IMF Working Paper},
  number = {WP/05/108},
  institution = {International Monetary Fund},
  address = {Washington},
  url = {https://www.imf.org/~/media/Websites/IMF/imported-full-text-pdf/external/pubs/ft/wp/2005/\_wp05108.pdf}
}

@techreport{liu2010,
  title={Managing Subnational Credit and Default Risks},
  author={Liu, Lili and Waibel, Michael},
  month = {July},
  year={2010},
  type = {Policy Research Working Paper},
  number = {5362},
  institution = {World Bank},
  url = {https://openknowledge.worldbank.org/handle/10986/3847}
}

@techreport{canuto2013,
  title = {Subnational debt, insolvency, and market development},
  author = {Canuto, Otaviano and Liu, Lili},
  month = {April},
  year = {2013},
  type = {Economic Premise},
  number = {112},
  institution = {World Bank},
  url = {https://openknowledge.worldbank.org/handle/10986/17023}
}

@report{imf2017,
  address = {Washington},
  author={IMF},
  title={Brazil - Fiscal Transparency Evaluation},
  publisher = {International Monetary Fund},
  year={2017}
}

% fiscal risks

@book{brixi2002,
  title={Government at risk: contingent liabilities and fiscal risk},
  author={Brixi, Hana Polackova and Schick, Allen},
  year={2002},
  publisher={World Bank}
}

@article{kopits2014,
  title = {Coping with fiscal risk},
  volume = {14},
  issn = {1608-7143},
  url = {http://www.oecd-ilibrary.org/content/article/budget-14-5jxrgssdqnlt},
  doi = {10.1787/budget-14-5jxrgssdqnlt},
  number = {1},
  journal = {OECD Journal on Budgeting},
  author = {{George Kopits}},
  month = {dec},
  year = {2014},
  pages = {47--71}
}

@techreport{bachmair2016,
  title={Contingent Liabilities Risk Management: A Credit Risk Analysis Framework for Sovereign Guarantees and On-Lending-Country Experiences from Colombia, Indonesia, Sweden, and Turkey},
  author={Bachmair, Fritz Florian},
  month = {January},
  year={2016},
  type = {Policy Research Working Paper},
  number = {7538},
  institution = {World Bank},
  url = {https://openknowledge.worldbank.org/handle/10986/23713}
}

@report{imf2016,
  address = {Washington},
  author={IMF},
  title={Analyzing and Managing Fiscal Risks â€” Best Practices},
  publisher = {International Monetary Fund},
  month = {June},
  year={2016},
  type = {{IMF} {P}olicy {P}aper},
  url = {https://www.imf.org/external/np/pp/eng/2016/050416.pdf}
}

% fiscal indicators

@techreport{baldacci2011a,
  title = {Measuring Fiscal Vulnerability and Fiscal Stress: A Proposed Set of Indicators},
  author = {Baldacci, Emanuele and McHugh, James and Petrova, Iva},
  month = {April},
  year = {2011},
  type = {IMF Working Paper},
  number = {WP/11/94},
  institution = {International Monetary Fund},
  address = {Washington},
  url = {https://www.imf.org/external/pubs/ft/wp/2011/wp1194.pdf}
}

@report{imf2014,
  address = {Washington},
  author={IMF},
  title={Government Finance Statistics Manual},
  publisher = {International Monetary Fund},
  year={2014}
}

@report{imf2015,
  address = {Washington},
  author={IMF},
  title={Balance Sheet Analysis in Fund Surveillance},
  publisher = {International Monetary Fund},
  month = {June},
  year={2015},
  type = {{IMF} {P}olicy {P}aper},
  url = {https://www.imf.org/external/np/pp/eng/2015/061215.pdf}
}

% early warning systems - currency and financial crisis

@article{kaminsky1998,
  title={Leading indicators of currency crises},
  author={Kaminsky, Graciela and Lizondo, Saul and Reinhart, Carmen M},
  journal={IMF staff papers},
  pages={1--48},
  volume={45},
  number={1},
  year={1998},
  publisher={International Monetary Fund}
}

@article{kaminsky1999,
  title={The twin crises: the causes of banking and balance-of-payments problems},
  author={Kaminsky, Graciela L and Reinhart, Carmen M},
  journal={American economic review},
  pages={473--500},
  year={1999}
}

@article{berg1999,
  title={Predicting currency crises:: The indicators approach and an alternative},
  author={Berg, Andrew and Pattillo, Catherine},
  journal={Journal of international Money and Finance},
  volume={18},
  number={4},
  pages={561--586},
  year={1999},
  publisher={Elsevier}
}

@article{berg2005,
  title={Assessing early warning systems: how have they worked in practice?},
  author={Berg, Andrew and Borensztein, Eduardo and Pattillo, Catherine},
  journal={IMF staff papers},
  pages={462--502},
  volume={52},
  number={3},
  year={2005},
  publisher={International Monetary Fund}
}

@article{candelon2012,
  title = {How to {Evaluate} an {Early}-{Warning} {System}: {Toward} a {Unified} {Statistical} {Framework} for {Assessing} {Financial} {Crises} {Forecasting} {Methods}},
  author = {Candelon, Bertrand and Dumitrescu, Elena-Ivona and Hurlin, Christophe},
  journal = {IMF Economic Review},
  pages = {75--113},
  volume = {60},
  number = {1},
  year = {2012},
  publisher={International Monetary Fund}
}

@article{comelli2014,
  title={Comparing parametric and non-parametric early warning systems for currency crises in emerging market economies},
  author={Comelli, Fabio},
  journal={Review of International Economics},
  volume={22},
  number={4},
  pages={700--721},
  year={2014},
  publisher={Wiley Online Library}
}

% early warning systems - fiscal crisis


@techreport{manasse2003,
  title = {Predicting Sovereign Debt Crises},
  author = {Manasse, Paolo and Roubini, Nouriel and Schimmelpfennig, Axel},
  month = {November},
  year = {2003},
  type = {IMF Working Paper},
  number = {WP/03/221},
  institution = {International Monetary Fund},
  address = {Washington},
  url = {http://www.imf.org/~/media/Websites/IMF/imported-full-text-pdf/external/pubs/ft/wp/2003/\_wp03221.pdf}
}

@article{fuertes2007,
  title={Optimal design of early warning systems for sovereign debt crises},
  author={Fuertes, Ana-Maria and Kalotychou, Elena},
  journal={International Journal of Forecasting},
  volume={23},
  number={1},
  pages={85--100},
  year={2007},
  publisher={Elsevier}
}

@techreport{baldacci2011b,
  title = {Assessing Fiscal Stress},
  author = {Baldacci, Emanuele and Petrova, Iva and Belhocine, Nazim and Dobrescu, Gabriela and Mazraani, Samah},
  month = {May},
  year = {2011},
  type = {IMF Working Paper},
  number = {WP/11/100},
  institution = {International Monetary Fund},
  address = {Washington},
  url = {https://www.imf.org/external/pubs/ft/wp/2011/wp11100.pdf}
}

@techreport{berti2012,
  title={An early-detection index of fiscal stress for EU countries},
  author={Berti, Katia and Salto, Matteo and Lequien, Matthieu and others},
  year={2012},
  institution={Directorate General Economic and Financial Affairs (DG ECFIN), European Commission}
}

@article{dawood2017,
  title = {Predicting sovereign debt crises: {An} {Early} {Warning} {System} approach},
  author = {Dawood, Mary and Horsewood, Nicholas and Strobel, Frank},
  volume = {28},
  journal = {Journal of Financial Stability}, 
  month = {feb},
  year = {2017},
  pages = {16--28}
}

% stats

@article{king2001a,
  title={Explaining rare events in international relations},
  author={King, Gary and Zeng, Langche},
  journal={International Organization},
  volume={55},
  number={03},
  pages={693--715},
  year={2001}
}

@article{king2001b,
  title={Logistic regression in rare events data},
  author={King, Gary and Zeng, Langche},
  journal={Political analysis},
  pages={137--163},
  year={2001}
}

@article{calabrese2013,
  title={Modelling small and medium enterprise loan defaults as rare events: the generalized extreme value regression model},
  author={Calabrese, Raffaella and Osmetti, Silvia Angela},
  journal={Journal of Applied Statistics},
  volume={40},
  number={6},
  pages={1172--1188},
  year={2013},
  publisher={Taylor \& Francis}
}

@article{calabrese2015,
  title={Improving Forecast of Binary Rare Events Data: A GAM-Based Approach},
  author={Calabrese, Raffaella and Osmetti, Silvia Angela},
  journal={Journal of Forecasting},
  volume={34},
  number={3},
  pages={230--239},
  year={2015},
  publisher={Wiley Online Library}
}

@article{firth1993,
  title={Bias reduction of maximum likelihood estimates},
  author={Firth, David},
  journal={Biometrika},
  volume={80},
  number={1},
  pages={27--38},
  year={1993},
  publisher={Oxford University Press}
}

@article{gelman2008,
  title={Scaling regression inputs by dividing by two standard deviations},
  author={Gelman, Andrew},
  journal={Statistics in medicine},
  volume={27},
  number={15},
  pages={2865--2873},
  year={2008},
  publisher={Wiley Online Library}
}

@manual{brglm,
  title = {{brglm}: Bias Reduction in Binary-Response Generalized Linear Models},
  author = {Ioannis Kosmidis},
  year = {2017},
  note = {R package version 0.6.1},
  url = {http://www.ucl.ac.uk/~ucakiko/software.html},
}

@book{greene2011,
  edition = {7},
  title = {Econometric Analysis},
  language = {English},
  publisher = {Pearson},
  author = {Greene, William H.},
  year = {2011}
}

@book{kennedy2008,
  edition = {6},
  title = {A Guide to Econometrics},
  language = {English},
  publisher = {Blackwell Publishing},
  author = {Kennedy, Peter},
  year = {2008}
}

@book{heij2004,
  title = {Econometric Methods with Applications in Business and Economics},
  language = {English},
  publisher = {Oxford University Press},
  author = {Heij, Christiaan and de Boer, Paul and Hans Franses, Philip and Kloek, Teun and K. van Dijk, Herman },
  year = {2004}
}

@book{davidson2004,
  title={Econometric theory and methods},
  language = {English},
  publisher = {Oxford University Press},
  author={Davidson, Russell and MacKinnon, James G},
  year={2004}
}

@book{james2013,
  title={An Introduction to Statistical Learning: With Applications in R},
  language = {English},
  publisher = {Springer},
  author={James, Gareth and Witten, Daniela and Hastie, Trevor and Tibshirani, Robert},
  year={2013}
}

@book{hastie2009, 
title={The Elements of Statistical Learning: Data Mining, Inference, and Prediction},
edition={2nd},
language = {English},
publisher={Springer},
author={Trevor Hastie and Robert Tibshirani and Jerome Friedman},
year={2009}
}

% others

@report{un1987,
  author={Brundtland, Gro Harlem},
  title={Report of the World Commission on Environment and Development: Our Common Future},
  publisher = {United Nations},
  year={1987},
  url = {http://www.un-documents.net/wced-ocf.htm}
}

